@book{Skiena08,
	author = {Skiena, Steven S.},
	title = {The Algorithm Design Manual},
	year = {2008},
	isbn = {1848000693, 9781848000698},
	publisher = {Springer Publishing Company, Incorporated},
}

@article{367714,
	author = {Kazi, Iffat H. and Chen, Howard H. and Stanley, Berdenia and Lilja, David J.},
	title = {Techniques for obtaining high performance in Java programs},
	journal = {ACM Comput. Surv.},
	volume = {32},
	number = {3},
	year = {2000},
	issn = {0360-0300},
	pages = {213--240},
	doi = {http://doi.acm.org/10.1145/367701.367714},
	publisher = {ACM},
	address = {New York, NY, USA},
}

@inproceedings{mapreduce-osdi,
	author =       {Jeffrey Dean and Sanjay Ghemawat},
	title =        {{MapReduce}: Simplified Data Processing on Large Clusters},
	booktitle =    {Proceedings of the Sixth Symposium on Operating
		              System Design and Implementation},
	pages =        {137--150},
	year =         2004
}

@article{357169,
	author = {Martelli, Alberto and Montanari, Ugo},
	title = {An Efficient Unification Algorithm},
	journal = {ACM Trans. Program. Lang. Syst.},
	volume = {4},
	number = {2},
	year = {1982},
	issn = {0164-0925},
	pages = {258--282},
	doi = {http://doi.acm.org/10.1145/357162.357169},
	publisher = {ACM},
	address = {New York, NY, USA},
}

@article{367400,
 author = {Fredkin, Edward},
 title = {Trie memory},
 journal = {Commun. ACM},
 volume = {3},
 number = {9},
 year = {1960},
 issn = {0001-0782},
 pages = {490--499},
 doi = {http://doi.acm.org/10.1145/367390.367400},
 publisher = {ACM},
 address = {New York, NY, USA},
 }

@book{norvig03,
	author = {Russell, Stuart J. and Norvig, Peter},
	isbn = {0137903952},
	edition = {Second},
	keywords = {ai, books},
	publisher = {Pearson Education},
	title = {Artificial Intelligence: A Modern Approach},
	url = {http://portal.acm.org/citation.cfm?id=773294},
  googleid = {dB5lUzJUaj0J:scholar.google.com/},
	year = {2003}
}

@book{Jackson99,
  author    = {Peter Jackson},
  title     = {Introduction to Expert Systems, 3rd Edition},
  publisher = {Addison-Wesley},
  year      = {1999},
  bibsource = {DBLP, http://dblp.uni-trier.de}
}

@book{NewellSimon1972,
 author     = {Allen Newell and Herbert Simon},
 title	    = {Human Problem Solving},	
 publisher  = {Prantice-Hall},
 year	    = {1972},  
 bibsource  = {http://www.cogsci.umn.edu/OLD/calendar/past_events/millennium/files/1129165024.html}
}

@article{rete,
  author = {Charles .L. Forgy},
  interHash = {26f1c32ccf8607141edb21f64a584a66},
  intraHash = {8958510a86df2b25219defba36368f47},
  journal = {{Artificial Intelligence}},
  pages = {17-37},
  title = {{Rete: a fast algorithm for the many pattern/many object pattern match problem}},
  volume = {19},
  year = {1982}
}
